@online{ABSDemo, 
	title={Australian Demographic Statistics}, 
	url={https://www.abs.gov.au/AUSSTATS/abs@.nsf/DetailsPage/3101.0Sep2018?OpenDocument},
	urldate = {2019-06-06},
	publisher={Australian Bureau of Statistics}, year={2018}, month={Sep}
}
@article{Tokars;2017, 
	title={Seasonal Incidence of Symptomatic Influenza in the United States}, volume={66}, DOI={10.1093/cid/cix1060}, number={10}, journal={Clinical Infectious Diseases}, author={Tokars, Jerome I and Olsen, Sonja J and Reed, Carrie}, year={2017}, pages={1511–1518}
}
@online{ADH2017, 
	title={Influeza Surveillance Report 2017}, 
	url={https://www.health.gov.au/internet/main/publishing.nsf/Content/cda-ozflu-2017.htm},
	urldate = {2019-06-06},
	publisher={Australian Department of Health}, year={2017}, month={Nov}
}
@online{ADH2018, 
	title={Influeza Surveillance Report 2018}, 
	url={https://www.health.gov.au/internet/main/publishing.nsf/Content/ozflu-surveil-2018-final.htm},
	urldate = {2019-06-06},
	publisher={Australian Department of Health}, year={2018}, month={Dec}
}
@article{Leung;2015, 
	title={The fraction of influenza virus infections that are asymptomatic: a systematic review and meta-analysis}, volume={26}, DOI={10.1097/ede.0000000000000340}, number={6}, journal={Epidemiology}, author={Leung, Nancy H. L. and Xu, Cuiling and Ip, Dennis K. M. and Cowling, Benjamin J.}, year={2015}, pages={862–872}
}
@online{ASPREN, 
	title={Australian Sentinel Practices Research Network}, url={https://aspren.dmac.adelaide.edu.au/}, journal={ASPREN}
}
@article{Druce;2004, 
	title={Laboratory diagnosis and surveillance of human respiratory viruses by PCR in Victoria, Australia, 2002–2003}, url={https://www.onlinelibrary.wiley.com/doi/10.1002/jmv.20246}, journal={Journal of Medical Virology}, publisher={John Wiley & Sons, Ltd}, author={Druce, Julian and Tran, Thomas and Kelly, Heath and Kaye, Matthew and Chibo, Doris and Kostecki, Renata and Amiri, Abdul and Catton, Mike and Birch, Chris}, year={2004}, month={Nov}
}
@article{Irving;2009, 
	title={Evaluation of self-reported and registry-based influenza vaccination status in a Wisconsin cohort}, volume={27}, DOI={10.1016/j.vaccine.2009.08.050}, number={47}, journal={Vaccine}, author={Irving, Stephanie A. and Donahue, James G. and Shay, David K. and Ellis-Coyle, Tina L. and Belongia, Edward A.}, year={2009}, pages={6546–6549}
}
@article{Donald;1999, 
	title={Validation of self-report of influenza and pneumococcal vaccination status in elderly outpatients}, volume={16}, DOI={10.1016/s0749-3797(98)00159-7}, number={3}, journal={American Journal of Preventive Medicine}, author={Donald, Roderick Mac and Baken, Leslie and Nelson, Andrew and Nichol, Kristin L.}, year={1999}, pages={173–177}
}
@article{Rolnick;2013, 
	title={Self-report compared to electronic medical record across eight adult vaccines: Do results vary by demographic factors?}, volume={31}, DOI={10.1016/j.vaccine.2013.06.041}, number={37}, journal={Vaccine}, author={Rolnick, S.j. and Parker, E.d. and Nordin, J.d. and Hedblom, B.d. and Wei, F. and Kerby, T. and Jackson, J.m. and Crain, A.l. and Euler, G.}, year={2013}, pages={3928–3935}
}

